@book{sakawa00,
	author = "坂和正敏",
	title = "離散システムの最適化",
	year = "2000",
	isbn = "4-627-91701-5",
	publisher = "森北出版",
}

@misc{ascii,
	title = "アスキーデジタル用語辞典",
	howpublished = "http://www.ascii.co.jp/ghelp/",
}

@article{ascii_april,
	title = "月刊アスキー4月号",
	year = "2001",
	pages = "pp118-141",
}

@misc{IA-64,
	title = "IA-64の未来",
	note ="\\http://homepage1.nifty.com/mcn/weekly/000812.htm",
}

@misc{mycom,
	title = "MYCOM PC WEB",
	note = "http://pcweb.mycom.co.jp/column/report450.html",
}

@misc{bibcap1,
	title = "",
	note ="http://pcweb.mycom.co.jp/articles/2004/01/01/3dgraph/",
}

@misc{bibcap2,
	title = "",
	note ="http://d.hatena.ne.jp/keyword/DirectX",
}
